@book{Web Operations,
	author={John Allspaw, Jesse Robbins},
	title={Web Operations: Keeping the Data on Time},
	publisher={O’Reilly Media, Inc.},
	year={2010}
}

@book{lamport86,
	author={Matt Massie, Bernard Li, Brad Nicholes, Vladimir Vuksan},
	title={Monitoring with Ganglia},
	publisher={O’Reilly Media, Inc.},
	year={2013}
}